@TECHREPORT{Lagoudakis96the0-1,
    author = {Michail G. Lagoudakis},
    title = {The 0-1 Knapsack Problem -- An Introductory Survey },
    institution = {},
    year = {1996}
}

@book{Martello:1990:KPA:98124,
	author = {Martello, Silvano and Toth, Paolo},
	title = {Knapsack Problems: Algorithms and Computer Implementations},
	year = {1990},
	isbn = {0-471-92420-2},
	publisher = {John Wiley \& Sons, Inc.},
	address = {New York, NY, USA},
} 

@MISC{Senisuka_reductionand,
	author = {Aminto Senisuka and Byungjun You and Takeo Yamada},
	title = {Reduction and Exact Algorithms for the Disjunctively Constrained Knapsack Problem},
	year = {}
}